
@article{ DUB-89,

  title = {Multiple ionization in {He}\textsuperscript{+}\char21{}rare-gas collisions},
  author = {DuBois, R. D.},
  journal = {Phys. Rev. A},
  volume = {39},
  issue = {9},
  pages = {4440--4450},
  numpages = {0},
  year = {1989},
  month = {5},
  publisher = {American Physical Society},
  doi = {10.1103/PhysRevA.39.4440},
  url = {http://link.aps.org/doi/10.1103/PhysRevA.39.4440}
}

@article{ FTFHLP-95,

  title = {Single and double ionization of helium by intermediate-to-high-velocity
           {He}\textsuperscript{+} projectiles},
  author = {Forest, J. L. and Tanis, J. A. and Ferguson, S. M. and Haar, R. R. and Lifrieri, K. and
            Plano, V. L.},
  journal = {Phys. Rev. A},
  volume = {52},
  issue = {1},
  pages = {350--356},
  numpages = {0},
  year = {1995},
  month = {7},
  publisher = {American Physical Society},
  doi = {10.1103/PhysRevA.52.350},
  url = {http://link.aps.org/doi/10.1103/PhysRevA.52.350}
}

@article{ DT-88,

  title = {Single and double ionization of helium by neutral-particle to fully stripped ion impact},
  author = {DuBois, R. D. and Toburen, L. H.},
  journal = {Phys. Rev. A},
  volume = {38},
  issue = {8},
  pages = {3960--3968},
  numpages = {0},
  year = {1988},
  month = {10},
  publisher = {American Physical Society},
  doi = {10.1103/PhysRevA.38.3960},
  url = {http://link.aps.org/doi/10.1103/PhysRevA.38.3960}
}

@article{ SSMSM-11,

  author={Santos, A. C. F. and Sigaud, G. M. and Melo, W. S. and Sant'Anna, M. M.
          and Montenegro, E. C.},
  title={Absolute cross sections for projectile electron loss accompanied by target multiple ionization
         in collisions of {He}\textsuperscript{+} with noble gases},
  journal={Journal of Physics B: Atomic, Molecular and Optical Physics},
  volume={44},
  number={4},
  pages={045202},
  url={http://stacks.iop.org/0953-4075/44/i=4/a=045202},
  year={2011},
}

